@inproceedings{Kiefer.2006,
 author = {Kiefer, Juergen and Schulz, Michael and Schulze-Kissing, Dirk and Urbas, Leon},
 title = {Multitasking-Strategien in der Mensch-Maschine-Interaktion},
 keywords = {Multitasking, Visuelle Ablenkung, Kognitive Modellierung, GPLCP.},
 editor = {Baumann, Martin R. K. and Leuchter, Sandro and Urbas, Leon},
 booktitle = {MMI-Interaktiv},
 year = {2006}
}


@inproceedings{Mohs.2006,
 author = {Mohs, C. and Hurtienne, J. and Kindsm{\"u}ller, M.C and Israel, J.H and Meyer, H.A and {IUUI Research Group}},
 title = {IUUI -- Intuitive Use of User Interfaces: Auf dem Weg zu einer wissenschaftlichen Basis f{\"u}r das Schlagwort {\{}$\backslash$glqq{\}}Intuitivit{\"a}t''},
 keywords = {intuitive Bedienung, intuitive Benutzung, Intuitivit{\"a}t, Mensch-Technik-Interaktion, User Interface Design},
 editor = {Baumann, Martin R. K. and Leuchter, Sandro and Urbas, Leon},
 booktitle = {MMI-Interaktiv},
 year = {2006}
}


@inproceedings{Knappe.2006,
 abstract = {MMI-Interaktiv, Nr. 11, Dez. 2006},
 author = {Knappe, Gwendolin and Keinath, Andreas and Meinecke, Christina},
 title = {Empfehlungen f{\"u}r die Bestimmung der Spurhalteg{\"u}te im Kontext der Fahrsimulation},
 keywords = {Fahrsimulation, Spurhaltema{\ss}e, Lenkma{\ss}e},
 urldate = {22.05.2012},
 editor = {Baumann, Martin R. K. and Leuchter, Sandro and Urbas, Leon},
 booktitle = {MMI-Interaktiv},
 year = {2006}
}


@inproceedings{Sacher.2006,
 author = {Sacher, Heike and Bubb, Heiner},
 title = {Was bedient der Fahrer? Feldversuch zu Erfassung der Fahrer-Fahrzeug-Interaktion},
 editor = {Baumann, Martin R. K. and Leuchter, Sandro and Urbas, Leon},
 booktitle = {MMI-Interaktiv},
 year = {2006}
}


@inproceedings{Jones.2000,
 author = {Jones, Debra g. and Endsley, Mica R.},
 title = {Can real-time probes provide a valid measure of Situation Awareness?},
 keywords = {situation awareness, real-time probes, SAGAT, SART, measurement, SA},
 urldate = {22.05.2012},
 booktitle = {Proceedings of the Human Performance, Situation Awareness and Automation},
 year = {2000}
}


@inproceedings{Baumann.2006,
 author = {Baumann, Martin R. K. Petzoldt Tibor and Krems, Josef},
 title = {Situation Awareness beim Auto-fahren als Verstehensprozess},
 keywords = {Situation Awareness, Ablenkung, Fahrerinformationssysteme, SAGAT},
 editor = {Baumann, Martin R. K. and Leuchter, Sandro and Urbas, Leon},
 booktitle = {MMI-Interaktiv},
 year = {2006}
}


@article{Zambou.2004,
 abstract = {INVENT -STA L{\"a}ngsregler},
 author = {Zambou, N. and Richert, F. and Schlo{\ss}er, A. and Abel, D. and Sandk{\"u}hler, D.},
 year = {2004},
 title = {Modellgest{\"u}tzte Pr{\"a}diktive Regelung zur L{\"a}ngsf{\"u}hrung von Kraftfahrzeugen im niedrigen Geschwindigkeitsbereich},
 keywords = {MPC, Stauassistent, invent, L{\"a}ngsregler},
 urldate = {21.05.2012},
 pages = {361--370},
 number = {1828},
 journal = {VDI-Berichte}
}


@article{Strater.2000,
 author = {Strater, Laura and Endsley, Mica R.},
 year = {2000},
 title = {SAGAT: A situation awareness measurement tool for commercial airline pilots},
 urldate = {23.05.2012},
 journal = {Proceedings of the Human Performance, Situation Awareness and Automation}
}


@misc{Nirschl.26.06.2007,
 author = {Nirschl, G{\"u}nther},
 year = {26.06.2007},
 title = {Fahrer- und situationsspezifische Einflussfaktoren bei AICC-Fahrerassistenzsystemen},
 keywords = {AICC, Folgefahrt,},
 urldate = {23.05.2012}
}


@article{Lamble.1999,
 abstract = {Sp{\"a}teres Bremsen durch Telefonbenutzung},
 author = {Lamble, Dave and Kauranen, Tatu and {Laakso Matti} and Summala, Heikki},
 year = {1999},
 title = {Cognitive load an detection thresholds in car following situations:~safety implications for using mobile (cellular) telephones while driving},
 urldate = {22.05.2012},
 pages = {617--623},
 volume = {31},
 journal = {Accident Analysis and Prevention}
}


@article{Brookhuis.2009,
 author = {Brookhuis, Karel A. and van Driel, Cornelie J.G and Hof, Tineke and van Arem, Bart and Hoedemaeker, Marika},
 year = {2009},
 title = {Driving with a congestion assistant; mental workload and acceptance},
 keywords = {Stauassistent, Congestion Assistant},
 urldate = {21.05.2012},
 pages = {1019--1025},
 volume = {40},
 number = {6},
 issn = {00036870},
 journal = {Applied Ergonomics},
 doi = {10.1016/j.apergo.2008.06.010}
}


@misc{Dambock.02.05.2012,
 author = {Damb{\"o}ck, Daniel and Farid, M. and T{\"o}nert, L. and Bengler, K.},
 year = {02.05.2012},
 title = {{\"U}bernahmezeiten beim hochautomatisierten Fahren},
 urldate = {22.05.2012}
}


@proceedings{14,
 year = {2000},
 title = {Proceedings of the Human Performance, Situation Awareness and Automation: user Centered Design for the New Millennium Conference}
}


@proceedings{Baumann.2006b,
 abstract = {MMI-Interaktiv, Nr. 11, Dez. 2006},
 year = {2006},
 title = {MMI-Interaktiv: Aufmerksamkeit und Situation Awareness im Fahrzeug},
 urldate = {22.05.2012},
 edition = {11},
 editor = {Baumann, Martin R. K. and Leuchter, Sandro and Urbas, Leon}
}


@article{Endsley.1995,
 author = {Endsley, Mica R.},
 year = {1995},
 title = {Microsoft Word - Mesurement of SA in Dynamic Systems.doc},
 keywords = {SWORD, SART, Observer-rating, Posttest, On-line, Freeze technique, SAGAT,},
 urldate = {23.05.2012},
 pages = {65--84},
 volume = {37},
 number = {1},
 journal = {Human Factors}
}


@article{Endsley.2000,
 author = {Endsley, Mica and Jones, G. Debra},
 year = {2000},
 title = {Examining the validity of real-time probes as a metric of situation awareness},
 urldate = {23.05.2012},
 volume = {44},
 journal = {Annual Meeting of the Human Factors {\&} Ergonomics Society}
}


@article{Hollnagel.2003,
 author = {Hollnagel, E. and Nabo, A. and Lau},
 year = {2003},
 title = {A SYSTEMIC MODEL FOR DRIVER-IN-CONTROL},
 keywords = {JVDS, DiC, Driving model,},
 urldate = {22.05.2012},
 pages = {86--91},
 volume = {2},
 journal = {The Second International Driving Symposium on Human Factors in Driver Assessment, Training and Vehicle Design}
}


@article{Endsley.1998,
 author = {Endsley, Mica R.},
 year = {1998},
 title = {A comparative analysis of SAGAT and SART for evaluations of situation awareness},
 keywords = {SART, SAGAT, Situation Awareness, SA,},
 urldate = {22.05.2012},
 volume = {42},
 journal = {Annual Meeting of the Human Factors {\&} Ergonomics Society}
}


@misc{Endsley.2000b,
 author = {Endsley, Mica R. and Garland, D. j.},
 year = {2000},
 title = {Direct Measurement of situation awareness: Validity and use of SAGAT},
 keywords = {SAGAT,},
 urldate = {23.05.2012},
 editor = {{SA Technologies}}
}


@book{Mustermann.,
 author = {Mustermann, Max}
}


@book{Mustermann.2012,
 author = {Mustermann, Max},
 year = {2012},
 title = {Beispiel f{\"u}r LaTeX Studienarbeit am LfE},
 address = {Garching},
 edition = {1},
 publisher = {TUM},
 institution = {{Lehrstuhl f{\"u}r Ergonomie}}
}


